@article{Agrawal_1995,
   title={The Continuum-Armed Bandit Problem},
   volume={33},
   ISSN={1095-7138},
   url={http://dx.doi.org/10.1137/S0363012992237273},
   DOI={10.1137/s0363012992237273},
   number={6},
   journal={SIAM Journal on Control and Optimization},
   publisher={Society for Industrial & Applied Mathematics (SIAM)},
   author={Agrawal, Rajeev},
   year={1995},
   month={Nov},
   pages={1926–1951}
}

@inproceedings{audibert2010best,
  title={Best arm identification in multi-armed bandits},
  author={Audibert, Jean-Yves and Bubeck, S{\'e}bastien},
  year={2010}
}

@article{Awerbuch_2008,
   title={Online linear optimization and adaptive routing},
   volume={74},
   ISSN={0022-0000},
   url={http://dx.doi.org/10.1016/j.jcss.2007.04.016},
   DOI={10.1016/j.jcss.2007.04.016},
   number={1},
   journal={Journal of Computer and System Sciences},
   publisher={Elsevier BV},
   author={Awerbuch, Baruch and Kleinberg, Robert},
   year={2008},
   month={Feb},
   pages={97–114}
}

@misc{aziz2018pure,
    title={Pure Exploration in Infinitely-Armed Bandit Models with Fixed-Confidence},
    author={Maryam Aziz and Jesse Anderton and Emilie Kaufmann and Javed Aslam},
    year={2018},
    eprint={1803.04665},
    archivePrefix={arXiv},
    primaryClass={stat.ML}
}

@article{Bechhofer_1958,
   title={A Sequential Multiple-Decision Procedure for Selecting the Best One of Several Normal Populations with a Common Unknown Variance, and Its Use with Various Experimental Designs},
   volume={14},
   ISSN={0006-341X},
   url={http://dx.doi.org/10.2307/2527883},
   DOI={10.2307/2527883},
   number={3},
   journal={Biometrics},
   publisher={JSTOR},
   author={Bechhofer, Robert E.},
   year={1958},
   month={Sep},
   pages={408}
}

@article{berry1985bandit,
  title={Bandit problems: sequential allocation of experiments (Monographs on statistics and applied probability)},
  author={Berry, Donald A and Fristedt, Bert},
  journal={London: Chapman and Hall},
  volume={5},
  number={71-87},
  pages={7--7},
  year={1985},
  publisher={Springer}
}

@article{Capp__2013,
   title={Kullback–Leibler upper confidence bounds for optimal sequential allocation},
   volume={41},
   ISSN={0090-5364},
   url={http://dx.doi.org/10.1214/13-AOS1119},
   DOI={10.1214/13-aos1119},
   number={3},
   journal={The Annals of Statistics},
   publisher={Institute of Mathematical Statistics},
   author={Cappé, Olivier and Garivier, Aurélien and Maillard, Odalric-Ambrym and Munos, Rémi and Stoltz, Gilles},
   year={2013},
   month={Jun},
   pages={1516–1541}
}

@misc{alex2015simple,
    title={Simple regret for infinitely many armed bandits},
    author={Alexandra Carpentier and Michal Valko},
    year={2015},
    eprint={1505.04627},
    archivePrefix={arXiv},
    primaryClass={cs.LG}
}

@article{Even_Dar_2002,
   title={PAC Bounds for Multi-armed Bandit and Markov Decision Processes},
   ISBN={9783540454359},
   ISSN={0302-9743},
   url={http://dx.doi.org/10.1007/3-540-45435-7_18},
   DOI={10.1007/3-540-45435-7_18},
   journal={Computational Learning Theory},
   publisher={Springer Berlin Heidelberg},
   author={Even-Dar, Eyal and Mannor, Shie and Mansour, Yishay},
   year={2002},
   pages={255–270}
}

@inproceedings{gabillon2011multi,
  title={Multi-bandit best arm identification},
  author={Gabillon, Victor and Ghavamzadeh, Mohammad and Lazaric, Alessandro and Bubeck, S{\'e}bastien},
  booktitle={Advances in Neural Information Processing Systems},
  pages={2222--2230},
  year={2011}
}

@inproceedings{goschin2013planning,
  title={Planning in reward-rich domains via PAC bandits},
  author={Goschin, Sergiu and Weinstein, Ari and Littman, Michael L and Chastain, Erick},
  booktitle={European Workshop on Reinforcement Learning},
  pages={25--42},
  year={2013}
}

@article{Herschkorn_1996,
   title={Policies without Memory for the Infinite-Armed Bernoulli Bandit under the Average-Reward Criterion},
   volume={10},
   ISSN={1469-8951},
   url={http://dx.doi.org/10.1017/S0269964800004149},
   DOI={10.1017/s0269964800004149},
   number={1},
   journal={Probability in the Engineering and Informational Sciences},
   publisher={Cambridge University Press (CUP)},
   author={Herschkorn, Stephen J. and Peköz, Erol and Ross, Sheldon M.},
   year={1996},
   month={Jan},
   pages={21–28}
}

@inproceedings{jamieson2014lil,
  title={lil’ucb: An optimal exploration algorithm for multi-armed bandits},
  author={Jamieson, Kevin and Malloy, Matthew and Nowak, Robert and Bubeck, S{\'e}bastien},
  booktitle={Conference on Learning Theory},
  pages={423--439},
  year={2014}
}

@article{Jamieson_2014,
   title={Best-arm identification algorithms for multi-armed bandits in the fixed confidence setting},
   ISBN={9781479930012},
   url={http://dx.doi.org/10.1109/CISS.2014.6814096},
   DOI={10.1109/ciss.2014.6814096},
   journal={2014 48th Annual Conference on Information Sciences and Systems (CISS)},
   publisher={IEEE},
   author={Jamieson, Kevin and Nowak, Robert},
   year={2014},
   month={Mar}
}

@misc{jamieson2016detection,
    title={On the Detection of Mixture Distributions with applications to the Most Biased Coin Problem},
    author={Kevin Jamieson and Daniel Haas and Ben Recht},
    year={2016},
    eprint={1603.08037},
    archivePrefix={arXiv},
    primaryClass={cs.LG}
}

@article{kalyanakrishnan2011learning,
  title={Learning methods for sequential decision making with imperfect representations},
  author={Kalyanakrishnan, Shivaram},
  year={2011},
  publisher={Citeseer}
}

@inproceedings{kalyanakrishnan2010efficient,
  title={Efficient Selection of Multiple Bandit Arms: Theory and Practice.},
  author={Kalyanakrishnan, Shivaram and Stone, Peter},
  booktitle={ICML},
  volume={10},
  pages={511--518},
  year={2010}
}

@inproceedings{kalyanakrishnan2012pac,
  title={PAC Subset Selection in Stochastic Multi-armed Bandits.},
  author={Kalyanakrishnan, Shivaram and Tewari, Ambuj and Auer, Peter and Stone, Peter},
  booktitle={ICML},
  volume={12},
  pages={655--662},
  year={2012}
}

@inproceedings{karnin2013almost,
  title={Almost optimal exploration in multi-armed bandits},
  author={Karnin, Zohar and Koren, Tomer and Somekh, Oren},
  booktitle={International Conference on Machine Learning},
  pages={1238--1246},
  year={2013}
}

@inproceedings{kaufmann2013information,
  title={Information complexity in bandit subset selection},
  author={Kaufmann, Emilie and Kalyanakrishnan, Shivaram},
  booktitle={Conference on Learning Theory},
  pages={228--251},
  year={2013}
}

@inproceedings{kleinberg2005nearly,
  title={Nearly tight bounds for the continuum-armed bandit problem},
  author={Kleinberg, Robert D},
  booktitle={Advances in Neural Information Processing Systems},
  pages={697--704},
  year={2005}
}

@article{Li_2010,
   title={A contextual-bandit approach to personalized news article recommendation},
   ISBN={9781605587998},
   url={http://dx.doi.org/10.1145/1772690.1772758},
   DOI={10.1145/1772690.1772758},
   journal={Proceedings of the 19th international conference on World wide web - WWW  ’10},
   publisher={ACM Press},
   author={Li, Lihong and Chu, Wei and Langford, John and Schapire, Robert E.},
   year={2010}
}

@article{Mannor_2003,
   title={Lower Bounds on the Sample Complexity of Exploration in the Multi-armed Bandit Problem},
   ISBN={9783540451679},
   ISSN={1611-3349},
   url={http://dx.doi.org/10.1007/978-3-540-45167-9_31},
   DOI={10.1007/978-3-540-45167-9_31},
   journal={Lecture Notes in Computer Science},
   publisher={Springer Berlin Heidelberg},
   author={Mannor, Shie and Tsitsiklis, John N.},
   year={2003},
   pages={418–432}
}

@article{Mousavi_2016,
   title={Analysis of a Subset Selection Scheme for Wireless Sensor Networks in Time-Varying Fading Channels},
   volume={64},
   ISSN={1941-0476},
   url={http://dx.doi.org/10.1109/TSP.2016.2515067},
   DOI={10.1109/tsp.2016.2515067},
   number={9},
   journal={IEEE Transactions on Signal Processing},
   publisher={Institute of Electrical and Electronics Engineers (IEEE)},
   author={Mousavi, Seyed Hamed and Haghighat, Javad and Hamouda, Walaa and Dastbasteh, Reza},
   year={2016},
   month={May},
   pages={2193–2208}
}

@article{Paulson_1964,
   title={A Sequential Procedure for Selecting the Population with the Largest Mean from $k$ Normal Populations},
   volume={35},
   ISSN={0003-4851},
   url={http://dx.doi.org/10.1214/aoms/1177703739},
   DOI={10.1214/aoms/1177703739},
   number={1},
   journal={The Annals of Mathematical Statistics},
   publisher={Institute of Mathematical Statistics},
   author={Paulson, Edward},
   year={1964},
   month={Mar},
   pages={174–180}
}

@inproceedings{ren2019exploring,
  title={Exploring $ k $ out of Top $ $\rho$ $ Fraction of Arms in Stochastic Bandits},
  author={Ren, Wenbo and Liu, Jia and Shroff, Ness B},
  booktitle={The 22nd International Conference on Artificial Intelligence and Statistics},
  pages={2820--2828},
  year={2019}
}

@article{Robbins_1985,
   title={Some Aspects of the Sequential Design of Experiments},
   ISBN={9781461251101},
   url={http://dx.doi.org/10.1007/978-1-4612-5110-1_13},
   DOI={10.1007/978-1-4612-5110-1_13},
   journal={Herbert Robbins Selected Papers},
   publisher={Springer New York},
   author={Robbins, Herbert},
   year={1985},
   pages={169–177}
}

@inproceedings{chaudhuri2017pac,
  title={PAC identification of a bandit arm relative to a reward quantile},
  author={Chaudhuri, Arghya Roy and Kalyanakrishnan, Shivaram},
  booktitle={Thirty-First AAAI Conference on Artificial Intelligence},
  year={2017}
}

@article{Tran_Thanh_2014,
   title={Efficient crowdsourcing of unknown experts using bounded multi-armed bandits},
   volume={214},
   ISSN={0004-3702},
   url={http://dx.doi.org/10.1016/j.artint.2014.04.005},
   DOI={10.1016/j.artint.2014.04.005},
   journal={Artificial Intelligence},
   publisher={Elsevier BV},
   author={Tran-Thanh, Long and Stein, Sebastian and Rogers, Alex and Jennings, Nicholas R.},
   year={2014},
   month={Sep},
   pages={89–111}
}

@inproceedings{wang2009algorithms,
  title={Algorithms for infinitely many-armed bandits},
  author={Wang, Yizao and Audibert, Jean-Yves and Munos, R{\'e}mi},
  booktitle={Advances in Neural Information Processing Systems},
  pages={1729--1736},
  year={2009}
}

@article{2016,
   title={Drug Discovery Toxicology},
   ISBN={9781119053330},
   url={http://dx.doi.org/10.1002/9781119053248},
   DOI={10.1002/9781119053248},
   publisher={John Wiley & Sons, Inc},
   year={2016},
   month={Apr}
}
